@article{jain2020speech,
  title={Speech emotion recognition using support vector machine},
  author={Jain, Manas and Narayan, Shruthi and Balaji, Pratibha and Bhowmick, Abhijit and Muthu, Rajesh Kumar and others},
  journal={arXiv preprint arXiv:2002.07590},
  year={2020}
}

@article{davis1980comparison,
  title={Comparison of parametric representations for monosyllabic word recognition in continuously spoken sentences},
  author={Davis, Steven and Mermelstein, Paul},
  journal={IEEE transactions on acoustics, speech, and signal processing},
  volume={28},
  number={4},
  pages={357--366},
  year={1980},
  publisher={IEEE}
}

@article{hegde2015feature,
  title={Feature selection using Fisher's ratio technique for automatic speech recognition},
  author={Hegde, Sarika and Achary, KK and Shetty, Surendra},
  journal={arXiv preprint arXiv:1505.03239},
  year={2015}
}

@article{poonkuzhali2013approach,
  title={An approach to feature selection algorithm based on ant colony optimization for automatic speech recognition},
  author={Poonkuzhali, C and Karthiprakash, R and Valarmathy, S and Kalamani, M},
  journal={International Journal of Advanced Research in Electrical, Electronics and Instrumentation Engineering},
  volume={2},
  number={11},
  pages={5671--5678},
  year={2013}
}

@data{TESSdata,
author = {Pichora-Fuller, M. Kathleen and Dupuis, Kate},
publisher = {Scholars Portal Dataverse},
title = "{Toronto emotional speech set (TESS)}",
year = {2020},
version = {DRAFT VERSION},
doi = {10.5683/SP2/E8H2MF},
url = {https://doi.org/10.5683/SP2/E8H2MF}
}

@misc{youtube_2020,
  title={Deep Learning (For Audio) with Python},
  author={Velardo, Valerio},
  journal={YouTube},
  year={2020},
  month={Feb}
}

@article{suykens1999least,
  title={Least squares support vector machine classifiers},
  author={Suykens, Johan AK and Vandewalle, Joos},
  journal={Neural processing letters},
  volume={9},
  number={3},
  pages={293--300},
  year={1999},
  publisher={Springer}
}

@article{min2005bankruptcy,
  title={Bankruptcy prediction using support vector machine with optimal choice of kernel function parameters},
  author={Min, Jae H and Lee, Young-Chan},
  journal={Expert systems with applications},
  volume={28},
  number={4},
  pages={603--614},
  year={2005},
  publisher={Elsevier}
}

@article{zhang2004wavelet,
  title={Wavelet support vector machine},
  author={Zhang, Li and Zhou, Weida and Jiao, Licheng},
  journal={IEEE Transactions on Systems, Man, and Cybernetics, Part B (Cybernetics)},
  volume={34},
  number={1},
  pages={34--39},
  year={2004},
  publisher={IEEE}
}

@book{Nielsen2019,
 author = {Nielsen, Michael},
 title = {Neural Networks and Deep Learning},
 year = {2019},
 edition = {1st},
 publisher = {Determination Press}
}

@article{wang2017heterogeneous,
  title={Heterogeneous data and big data analytics},
  author={Wang, Lidong},
  journal={Automatic Control and Information Sciences},
  volume={3},
  number={1},
  pages={8--15},
  year={2017}
}